<collection xmlns="http://www.loc.gov/MARC21/slim">
<record>
  <leader>01448nam0a2200277 i 450 </leader>
  <controlfield tag="001">IT\ICCU\CNCE\046274</controlfield>
  <controlfield tag="005">20150216000000.0</controlfield>
  <datafield tag="012" ind1=" " ind2=" ">
    <subfield code="a">ma:q cee. od.r poIo (3) 1504 (A)</subfield>
    <subfield code="2">fei</subfield>
  </datafield>
  <datafield tag="100" ind1=" " ind2=" ">
    <subfield code="a">19990116d1504        0itac0103    ba</subfield>
  </datafield>
  <datafield tag="101" ind1=" " ind2=" ">
    <subfield code="a">LAT</subfield>
  </datafield>
  <datafield tag="102" ind1=" " ind2=" ">
    <subfield code="a">IT</subfield>
  </datafield>
  <datafield tag="200" ind1="1" ind2=" ">
    <subfield code="a">Prima \-secunda! pars iuris utriusque monarce domini Philippi Franchi super sexto libro decretalium manu propria ipsius doctoris scripta, atque castigata, nouiter impressa</subfield>
  </datafield>
  <datafield tag="210" ind1=" " ind2=" ">
    <subfield code="e">Impressa Venetijs</subfield>
    <subfield code="g">per Bernardinum Benalyum</subfield>
    <subfield code="h">1504 die 9 August.</subfield>
  </datafield>
  <datafield tag="215" ind1=" " ind2=" ">
    <subfield code="a">CXXIII, \1!, \140! c.</subfield>
    <subfield code="d">fol</subfield>
  </datafield>
  <datafield tag="300" ind1=" " ind2=" ">
    <subfield code="a">A c. T4v altro coloph.: (Venetijs : per Bernardinum Benalium)</subfield>
  </datafield>
  <datafield tag="620" ind1=" " ind2=" ">
    <subfield code="a">IT</subfield>
    <subfield code="d">Venezia</subfield>
  </datafield>
  <datafield tag="700" ind1=" " ind2="1">
    <subfield code="a">Franchi,</subfield>
    <subfield code="b">Filippo</subfield>
    <subfield code="3">IT\ICCU\CNCA\005546</subfield>
  </datafield>
  <datafield tag="712" ind1="0" ind2="0">
    <subfield code="a">Benali, Bernardino</subfield>
    <subfield code="3">IT\ICCU\CNCT\000212</subfield>
    <subfield code="4">650</subfield>
  </datafield>
  <datafield tag="790" ind1=" " ind2="1">
    <subfield code="a">Franchis,</subfield>
    <subfield code="b">Philippus : de</subfield>
    <subfield code="3">IT\ICCU\CNCA\009757</subfield>
    <subfield code="z">Franchi, Filippo</subfield>
  </datafield>
  <datafield tag="790" ind1=" " ind2="1">
    <subfield code="a">Franco,</subfield>
    <subfield code="b">Filippo</subfield>
    <subfield code="3">IT\ICCU\CNCA\016388</subfield>
    <subfield code="z">Franchi, Filippo</subfield>
  </datafield>
  <datafield tag="791" ind1="0" ind2="0">
    <subfield code="a">Benagli, Bernardino</subfield>
    <subfield code="3">IT\ICCU\CNCT\003632</subfield>
    <subfield code="z">Benali, Bernardino</subfield>
  </datafield>
  <datafield tag="791" ind1="0" ind2="0">
    <subfield code="a">Benalius, Bernardinus</subfield>
    <subfield code="3">IT\ICCU\CNCT\004326</subfield>
    <subfield code="z">Benali, Bernardino</subfield>
  </datafield>
  <datafield tag="791" ind1="0" ind2="0">
    <subfield code="a">Benaleis, Bernardinus de</subfield>
    <subfield code="3">IT\ICCU\CNCT\004327</subfield>
    <subfield code="z">Benali, Bernardino</subfield>
  </datafield>
  <datafield tag="801" ind1=" " ind2="3">
    <subfield code="a">IT</subfield>
    <subfield code="b">ICCU</subfield>
    <subfield code="c">20201114</subfield>
  </datafield>
  <datafield tag="899" ind1=" " ind2=" ">
    <subfield code="a">Biblioteca Labronica Francesco Domenico Guerrazzi. Livorno</subfield>
    <subfield code="1">LI0011</subfield>
    <subfield code="2">LIA FA</subfield>
  </datafield>
  <datafield tag="921" ind1=" " ind2=" ">
    <subfield code="a">IT\ICCU\CNCM\001827</subfield>
    <subfield code="b">S. Girolamo seduto in trono con chiesa e libro. Ai suoi piedi un leone</subfield>
    <subfield code="c">K186</subfield>
    <subfield code="c">Z680</subfield>
    <subfield code="f">S.GIROLAMO</subfield>
    <subfield code="f">CHIESA</subfield>
    <subfield code="f">LIBRO</subfield>
    <subfield code="f">LEONE</subfield>
    <subfield code="g">1504-1506</subfield>
  </datafield>
</record>
</collection>
